% My trilateration
@article{gajos_gps,
      author         = "Gajos, A. and others",
      title          = "{Trilateration-based reconstruction of ortho-positronium
                        decays into three photons with the J-PET detector}",
      journal        = "Nucl. Instrum. Meth.",
      volume         = "A819",
      year           = "2016",
      pages          = "54-59",
      doi            = "10.1016/j.nima.2016.02.069",
      eprint         = "1602.07528",
      archivePrefix  = "arXiv",
      primaryClass   = "physics.ins-det",
      SLACcitation   = "%%CITATION = ARXIV:1602.07528;%%"
}

% Moskal patent
@misc{moskal_patent,
author = "Moskal, P.",
title = "Strip device and the method for the determination of the place and response time of the gamma quanta and the application of the device for the Positron Emission Thomography",
howpublished = {Patent number US2012112079, EP2454612, JP2012533734}
}

% Imaging patent
@misc{imaging_patent,
author = "Gajos, A. and Czerwi\'nski, E. and Kami\'nska, D. and Moskal, P.",
title = "Multi-tracer morphometric image reconstruction method and system using fast analytical algorithm for calculating time and position of positron-electron annihilation into three gamma quanta",
howpublished = "International patent application number PCT/PL2015/050038"
}

% Neha reconstruction
@myarticle{neha_synchronized,
      author         = "Moskal, P. and others",
      title          = "{A novel method for the line-of-response and
                        time-of-flight reconstruction in TOF-PET detectors based
                        on a library of synchronized model signals}",
      journal        = "Nucl. Instrum. Meth.",
      volume         = "A775",
      year           = "2015",
      pages          = "54-62",
      doi            = "10.1016/j.nima.2014.12.005",
      eprint         = "1412.6963",
      archivePrefix  = "arXiv",
      primaryClass   = "physics.ins-det",
      SLACcitation   = "%%CITATION = ARXIV:1412.6963;%%"
}

% Lech compressive sensing
@myarticle{lech_compressive,
      author         = "Raczyński, L. and others",
      title          = "{Compressive Sensing of Signals Generated in Plastic
                        Scintillators in a Novel J-PET Instrument}",
      journal        = "Nucl. Instrum. Meth.",
      volume         = "A786",
      year           = "2015",
      pages          = "105-112",
      doi            = "10.1016/j.nima.2015.03.032",
      eprint         = "1503.05188",
      archivePrefix  = "arXiv",
      primaryClass   = "physics.ins-det",
      SLACcitation   = "%%CITATION = ARXIV:1503.05188;%%"
}


% Time calibration
@myarticle{jpet_time_calibration,
      author         = "Skurzok, M. and others",
      title          = "{Time calibration of the J-PET detector}",
      booktitle      = "{Proceedings, 12th International Workshop on Positron and
                        Positronium Chemistry (PPC12): Lublin, Poland, August
                        28-September 1, 2017}",
      journal        = "Acta Phys. Polon.",
      volume         = "A132",
      year           = "2017",
      number         = "5",
      pages          = "1641-1645",
      doi            = "10.12693/APhysPolA.132.1641",
      eprint         = "1710.05598",
      archivePrefix  = "arXiv",
      primaryClass   = "physics.ins-det",
      SLACcitation   = "%%CITATION = ARXIV:1710.05598;%%"
}

% Marek -  frontends
@myarticle{marek_fee,
      author         = "Pałka, Marek and others",
      title          = "{Multichannel FPGA based MVT system for high precision
                        time (20 ps RMS) and charge measurement}",
      journal        = "JINST",
      volume         = "12",
      year           = "2017",
      number         = "08",
      pages          = "P08001",
      doi            = "10.1088/1748-0221/12/08/P08001",
      eprint         = "1707.03565",
      archivePrefix  = "arXiv",
      primaryClass   = "physics.ins-det",
      SLACcitation   = "%%CITATION = ARXIV:1707.03565;%%"
}

% Greg - DAQ
@myarticle{greg_daq,
      author         = "Korcyl, G. and others",
      title          = "{Sampling FEE and Trigger-less DAQ for the J-PET
                        Scanner}",
      booktitle      = "{Proceedings, Jagiellonian Symposium on Fundamental and
                        Applied Subatomic Physics: Krakow, Poland, June 7-13,
                        2015}",
      journal        = "Acta Phys. Polon.",
      volume         = "B47",
      year           = "2016",
      pages          = "491",
      doi            = "10.5506/APhysPolB.47.491",
      eprint         = "1602.05251",
      archivePrefix  = "arXiv",
      primaryClass   = "physics.ins-det",
      SLACcitation   = "%%CITATION = ARXIV:1602.05251;%%"
}

% Daria - Feasibility study EPJC
@article{daria_epjc,
      author         = "Kamińska, D. and Gajos, A. and others",
      title          = "{A feasibility study of ortho-positronium decays
                        measurement with the J-PET scanner based on plastic
                        scintillators}",
      journal        = "Eur. Phys. J.",
      volume         = "C76",
      year           = "2016",
      number         = "8",
      pages          = "445",
      doi            = "10.1140/epjc/s10052-016-4294-3",
      eprint         = "1607.08588",
      archivePrefix  = "arXiv",
      primaryClass   = "physics.ins-det",
      SLACcitation   = "%%CITATION = ARXIV:1607.08588;%%"
}

% Tests single module
@myarticle{jpet_single_module,
      author         = "Moskal, P. and others",
      title          = "{Test of a single module of the J-PET scanner based on
                        plastic scintillators}",
      journal        = "Nucl. Instrum. Meth.",
      volume         = "A764",
      year           = "2014",
      pages          = "317-321",
      doi            = "10.1016/j.nima.2014.07.052",
      eprint         = "1407.7395",
      archivePrefix  = "arXiv",
      primaryClass   = "physics.ins-det",
      SLACcitation   = "%%CITATION = ARXIV:1407.7395;%%"
}

% Commissioning
@myarticle{jpet_commissioning,
      author         = "Czerwiński, E. and others",
      title          = "{Commissioning of the J-PET detector for studies of
                        decays of positronium atoms}",
      booktitle      = "{Proceedings, 2nd Jagiellonian Symposium of Fundamental
                        and Applied Subatomic Physics (J-SYMPOSIUM 2017): Kraków,
                        Poland, June 4-9, 2017}",
      journal        = "Acta Phys. Polon.",
      volume         = "B48",
      year           = "2017",
      pages          = "1961",
      doi            = "10.5506/APhysPolB.48.1961",
      eprint         = "1710.11067",
      archivePrefix  = "arXiv",
      primaryClass   = "physics.ins-det",
      SLACcitation   = "%%CITATION = ARXIV:1710.11067;%%"
}

% Potential of the J-PET detector
@myarticle{moskal_potential,
      author         = "Moskal, P. and others",
      title          = "{Potential of the J-PET detector for studies of discrete
                        symmetries in decays of positronium atom - a purely
                        leptonic system}",
      booktitle      = "{Proceedings, Jagiellonian Symposium on Fundamental and
                        Applied Subatomic Physics: Krakow, Poland, June 7-13,
                        2015}",
      journal        = "Acta Phys. Polon.",
      volume         = "B47",
      year           = "2016",
      pages          = "509",
      doi            = "10.5506/APhysPolB.47.509",
      eprint         = "1602.05226",
      archivePrefix  = "arXiv",
      primaryClass   = "nucl-ex",
      SLACcitation   = "%%CITATION = ARXIV:1602.05226;%%"
}

% positronium materials
@myarticle{Jasinska:2016qsf,
      author         = "Jasińska, B. and others",
      title          = "{Determination of the $3\gamma$ fraction from positron
                        annihilation in mesoporous materials for symmetry
                        violation experiment with J-PET scanner}",
      booktitle      = "{Proceedings, Jagiellonian Symposium on Fundamental and
                        Applied Subatomic Physics: Krakow, Poland, June 7-13,
                        2015}",
      journal        = "Acta Phys. Polon.",
      volume         = "B47",
      year           = "2016",
      pages          = "453",
      doi            = "10.5506/APhysPolB.47.453",
      eprint         = "1602.05376",
      archivePrefix  = "arXiv",
      primaryClass   = "nucl-ex",
      SLACcitation   = "%%CITATION = ARXIV:1602.05376;%%"
}

% wieczorek  scints
@myarticle{anna_scints,
  author =	 {Wieczorek, A. and others},
  journal =	 {PLOS ONE},
  publisher =	 {Public Library of Science},
  title =	 {Novel scintillating material
                  2-(4-styrylphenyl)benzoxazole for the fully digital
                  and MRI compatible J-PET tomograph based on plastic
                  scintillators},
  year =	 {2017},
  volume =	 {12},
  pages =	 {1-16},
  number =	 {11},
  doi =		 {10.1371/journal.pone.0186728}
}

% framework
@article{Krzemien:2015hkb,
      author         = "Krzemie\'n, W. and Gajos, A and others",
      title          = "{Analysis framework for the J-PET scanner}",
      booktitle      = "{Acta Phys. Pol. A 127 (2015) 1491-1494}",
      journal        = "Acta Phys. Polon.",
      volume         = "A127",
      year           = "2015",
      pages          = "1491-1494",
      doi            = "10.12693/APhysPolA.127.1491",
      eprint         = "1503.00465",
      archivePrefix  = "arXiv",
      primaryClass   = "physics.ins-det",
      SLACcitation   = "%%CITATION = ARXIV:1503.00465;%%"
}

% P. Kowalski - scatter fraction
@myarticle{kowalski_scatter_fraction,
      author         = "Kowalski, P. and others",
      title          = "{Scatter fraction of the J-PET tomography scanner}",
      booktitle      = "{Proceedings, Jagiellonian Symposium on Fundamental and
                        Applied Subatomic Physics: Krakow, Poland, June 7-13,
                        2015}",
      journal        = "Acta Phys. Polon.",
      volume         = "B47",
      year           = "2016",
      pages          = "549",
      doi            = "10.5506/APhysPolB.47.549",
      eprint         = "1602.05402",
      archivePrefix  = "arXiv",
      primaryClass   = "physics.med-ph",
      SLACcitation   = "%%CITATION = ARXIV:1602.05402;%%"
}

% Monika - 2g selection
@myarticle{monika_2gamma_imaging,
  author =	 "Pawlik-Nied\'zwiecka, S. and others",
  title =	 "Preliminary Studies of J-PET Detector Spatial
                  Resolution",
  journal =	 "Acta Phys. Polon.",
  volume =	 "A132",
  pages =	 "1645",
  year =	 "2017",
  number =	 "5",
  doi =		 "10.12693/APhysPolA.132.1645"
}

% TOT vs Edep relation reference
@article{tot_edep,
  author =	 {Alexander M Grant and Craig S Levin},
  title =	 {A new dual threshold time-over-threshold circuit for
                  fast timing in PET},
  journal =	 {Physics in Medicine \& Biology},
  volume =	 {59},
  number =	 {13},
  pages =	 {3421},
  doi =		 "10.1088/0031-9155/59/13/3421",
  year =	 {2014}
}