@article{kloe_results,
  author =	 "Bossi, F. and De Lucia, E. and Lee-Franzini, J. and
                  Miscetti, S. and Palutan, M.",
  title =	 "{Precision Kaon and Hadron Physics with KLOE}",
  collaboration ="KLOE",
  journal =	 "Riv. Nuovo Cim.",
  volume =	 "31",
  year =	 "2008",
  pages =	 "531-623",
  doi =		 "10.1393/ncr/i2008-10037-9",
  eprint =	 "0811.1929",
  archivePrefix ="arXiv",
  primaryClass = "hep-ex",
  SLACcitation = "%%CITATION = ARXIV:0811.1929;%%"
}


@article{kloe2_general,
  author =	 "Amelino-Camelia, G. and others",
  title =	 "{Physics with the KLOE-2 experiment at the upgraded
                  DA$\phi$NE}",
  journal =	 "Eur. Phys. J.",
  volume =	 "C68",
  year =	 "2010",
  pages =	 "619-681",
  doi =		 "10.1140/epjc/s10052-010-1351-1",
  eprint =	 "1003.3868",
  archivePrefix ="arXiv",
  primaryClass = "hep-ex",
  reportNumber = "CAFPE-141-10, UG-FT-271-10",
  SLACcitation = "%%CITATION = ARXIV:1003.3868;%%"
}

%% KLOE calorimeter
@article{Adinolfi:2002zx,
      author         = "Adinolfi, M. and Ambrosino, F. and Antonelli, A. and
                        Antonelli, M. and Anulli, F. and others",
      title          = "{The KLOE electromagnetic calorimeter}",
      journal        = "Nucl.Instrum.Meth.",
      volume         = "A482",
      pages          = "364-386",
      doi            = "10.1016/S0168-9002(01)01502-9",
      year           = "2002",
      SLACcitation   = "%%CITATION = NUIMA,A482,364;%%",
}

%% KLOE DC
@article{Adinolfi:2002uk,
      author         = "Adinolfi, M. and Ambrosino, F. and Andryakov, A. and
                        Antonelli, A. and Antonelli, M. and others",
      title          = "{The tracking detector of the KLOE experiment}",
      journal        = "Nucl.Instrum.Meth.",
      volume         = "A488",
      pages          = "51-73",
      doi            = "10.1016/S0168-9002(02)00514-4",
      year           = "2002",
      SLACcitation   = "%%CITATION = NUIMA,A488,51;%%",
}
%% KLOE - Michal Ks->3pi0
@article{Babusci:2013tr,
  author =	 "Babusci, D. and others",
  title =	 "{A new limit on the CP violating decay $K_S \to
                  3\pi^0$ with the KLOE experiment}",
  collaboration ="KLOE",
  journal =	 "Phys. Lett.",
  volume =	 "B723",
  year =	 2013,
  pages =	 "54-60",
  doi =		 "10.1016/j.physletb.2013.05.008",
  eprint =	 "1301.7623",
  archivePrefix ="arXiv",
  primaryClass = "hep-ex",
  SLACcitation = "%%CITATION = ARXIV:1301.7623;%%"
}

% motivation - direct CP violation
@article{Campana:1997ai,
      author         = "Campana, P.",
      title          = "{The CP KLOE experiment at the DAPHNE Phi-factory}",
      booktitle      = "{Flavor physics. Proceedings, 4th KEK Topical Conference,
                        Tsukuba, Japan, October 29-31, 1996}",
      collaboration  = "KLOE",
      journal        = "Nucl. Phys. Proc. Suppl.",
      volume         = "59",
      year           = "1997",
      pages          = "192-198",
      doi            = "10.1016/S0920-5632(97)00442-8",
      SLACcitation   = "%%CITATION = NUPHZ,59,192;%%"
}

%general DAFNE
@article{Vignola:1996mt,
      author         = "Vignola, G. and others",
      title          = "{DAPHNE, the first Phi-factory}",
      booktitle      = "{Particle accelerator. Proceedings, 5th European
                        Conference, EPAC 96, Sitges, Spain, June 10-14, 1996. Vol.
                        1-3}",
      journal        = "Conf. Proc.",
      volume         = "C960610",
      year           = "1996",
      pages          = "22-26",
      reportNumber   = "LNF-96-033-PA",
      SLACcitation   = "%%CITATION = CONFP,C960610,22;%%"
}

% Siddharta
@article{CurceanuPetrascu:2007zz,
      author         = "Curceanu-Petrascu, C. and others",
      title          = "{Precision measurements of kaonic atoms at DAFNE and
                        future perspectives}",
      booktitle      = "{Quarks and nuclear physics. Proceedings, 4th
                        International Conference, QNP 2006, Madrid, Spain, June
                        5-10, 2006}",
      journal        = "Eur. Phys. J.",
      volume         = "A31",
      year           = "2007",
      pages          = "537-539",
      doi            = "10.1140/epja/i2006-10197-2",
      SLACcitation   = "%%CITATION = EPHJA,A31,537;%%"
}

% DEAR
@article{Lucherini:2003fk,
      author         = "Lucherini, V. and others",
      title          = "{The DEAR kaon monitor at DAPHNE}",
      journal        = "Nucl. Instrum. Meth.",
      volume         = "A496",
      year           = 2003,
      pages          = "315-324",
      doi            = "10.1016/S0168-9002(02)01753-9",
      SLACcitation   = "%%CITATION = NUIMA,A496,315;%%"
}

% FINUDA
@article{Agnello:2007rk,
      author         = "Agnello, M. and others",
      title          = "{DAFNE monitored by FINUDA}",
      journal        = "Nucl. Instrum. Meth.",
      volume         = "A570",
      year           = "2007",
      pages          = "205-215",
      doi            = "10.1016/j.nima.2006.09.113",
      SLACcitation   = "%%CITATION = NUIMA,A570,205;%%"
}

% a flavour of KLOE
@article{LeeFranzini:2007hj,
      author         = "Lee-Franzini, Juliet and Franzini, Paolo",
      title          = "{A Flavor of KLOE}",
      booktitle      = "{Effective theories of colours and flavours: From
                        EURODAPHNE to EURIDICE. Proceedings, Final EURIDICE
                        Meeting, Kazimierz, Poland, August 24-27, 2006}",
      journal        = "Acta Phys. Polon.",
      volume         = "B38",
      year           = "2007",
      pages          = "2703-2730",
      eprint         = "hep-ex/0702016",
      archivePrefix  = "arXiv",
      primaryClass   = "hep-ex",
      SLACcitation   = "%%CITATION = HEP-EX/0702016;%%"
}

% QCAL
@article{Adinolfi:2002me,
      author         = "Adinolfi, M. and others",
      title          = "{The QCAL tile calorimeter of KLOE}",
      journal        = "Nucl. Instrum. Meth.",
      volume         = "A483",
      year           = "2002",
      pages          = "649-659",
      doi            = "10.1016/S0168-9002(01)01929-5",
      SLACcitation   = "%%CITATION = NUIMA,A483,649;%%"
}

% Data handling and reconstruction
@article{data_handling,
      author         = "Ambrosino, F. and others",
      title          = "{Data handling, reconstruction, and simulation for the
                        KLOE experiment}",
      journal        = "Nucl. Instrum. Meth.",
      volume         = "A534",
      year           = "2004",
      pages          = "403-433",
      doi            = "10.1016/j.nima.2004.06.155",
      eprint         = "physics/0404100",
      archivePrefix  = "arXiv",
      primaryClass   = "physics",
      SLACcitation   = "%%CITATION = PHYSICS/0404100;%%"
}

% Dafne for KLOE-2
@article{Zobov:2010zza,
      author         = "Zobov, M. and others",
      title          = "{Test of crab-waist collisions at DAFNE Phi factory}",
      journal        = "Phys. Rev. Lett.",
      volume         = "104",
      year           = "2010",
      pages          = "174801",
      doi            = "10.1103/PhysRevLett.104.174801",
      SLACcitation   = "%%CITATION = PRLTA,104,174801;%%"
}

% KLOE webpage
@misc{kloe_web,
  howpublished = {{KLOE Experiment webpage}},
  url = {http://www.lnf.infn.it/kloe/index2.html},
  note = {Accessed: 2017-11-30}
}

% Zdebik
@MastersThesis{zdebik_mgr,
    author     =     {Jaros\{}law Zdebik},
    title     =     {{Merging and splitting of lusters in the electromagnetic calorimeter of the KLOE detector}},
    school     =     {Jagiellonian University},
    address     =     {Krakow, Poland},
    year     =     {2008}
    }

% S. Di Falco big thesis
@PhdThesis{difalco_phd,
    author     =     {Stefano Di Falco},
    title     =     {{Study of neutral decays of $K^0_L$ mesons with the KLOE detector}},
    school     =     {Universita Degli Studi di Pisa},
    address     =     {Pisa, Italy},
    year     =     {2001}
    }

% Memo 225 on streaming
@misc{memo_225,
  author =	 {Ambrosino, F. and others},
  title =	 {The Event Classification procedures},
  howpublished = {KLOE Memo {\bf 228}},
  year =	 2000
}

% KLOE2 - Inner Tracker
@article{kloe_inner_tracker,
      author         = "Balla, A. and others",
      title          = "{Status of the Cylindical-GEM project for the KLOE-2
                        Inner Tracker}",
      booktitle      = "{Instrumentation. Proceedings, 12th International
                        Conference, VCI 2010, Vienna, Austria, February 15-20,
                        2010}",
      journal        = "Nucl. Instrum. Meth.",
      volume         = "A628",
      year           = "2011",
      pages          = "194-198",
      doi            = "10.1016/j.nima.2010.06.315",
      eprint         = "physics.ins-det/1003.3770",
      archivePrefix  = "arXiv",
      primaryClass   = "physics.ins-det",
      SLACcitation   = "%%CITATION = ARXIV:1003.3770;%%"
}

% KLOE2 - QCALT
@article{Cordelli:2009xb,
      author         = "Cordelli, M. and Corradi, G. and Happacher, F. and
                        Martini, M. and Miscetti, S. and Paglia, C. and Saputi, A.
                        and Sarra, I. and Tagnani, D.",
      title          = "{QCALT: A Tile calorimeter for KLOE-2 experiment}",
      booktitle      = "{Frontier detectors for frontier physics. Proceedings,
                        11th Pisa Meeting on Advanced Detectors, La Biodola,
                        Italy, May 24-30, 2009}",
      journal        = "Nucl. Instrum. Meth.",
      volume         = "A617",
      year           = "2010",
      pages          = "105-106",
      doi            = "10.1016/j.nima.2009.09.106",
      eprint         = "0906.1133",
      archivePrefix  = "arXiv",
      primaryClass   = "physics.ins-det",
      SLACcitation   = "%%CITATION = ARXIV:0906.1133;%%"
}

% KLOE2 - CCALT
@article{Cordelli:2013mka,
      author         = "Cordelli, M. and others",
      title          = "{CCALT: A Crystal CALorimeter with Timing for the KLOE-2
                        upgrade}",
      booktitle      = "{Proceedings, 12th Pisa Meeting on Advanced Detectors: La
                        Biodola, Isola d'Elba, Italy, May 20-26, 2012}",
      journal        = "Nucl. Instrum. Meth.",
      volume         = "A718",
      year           = "2013",
      pages          = "81-82",
      doi            = "10.1016/j.nima.2012.11.074",
      SLACcitation   = "%%CITATION = NUIMA,A718,81;%%"
}

% DAFNE upgrade
@article{Zobov:2007xw,
      author         = "Zobov, M.",
      title          = "{DAFNE status and upgrade plans}",
      booktitle      = "{7th International Scientific Workshop to the memory of
                        Prof. V.P. Sarantsev: Problems of Charged Particle
                        Accelerators: Electron-Positron Colliders Alushta, Crimea,
                        Ukraine, September 2-8, 2007}",
      journal        = "Phys. Part. Nucl. Lett.",
      volume         = "5",
      year           = "2008",
      pages          = "560-565",
      doi            = "10.1134/S1547477108070042",
      eprint         = "0709.3696",
      archivePrefix  = "arXiv",
      primaryClass   = "physics.acc-ph",
      SLACcitation   = "%%CITATION = ARXIV:0709.3696;%%"
}