@article{pdg2016,
      author         = "Patrignani, C. and others",
      title          = "{Review of Particle Physics}",
      collaboration  = "Particle Data Group",
      journal        = "Chin. Phys.",
      volume         = "C40",
      year           = "2016",
      number         = "10",
      pages          = "100001",
      doi            = "10.1088/1674-1137/40/10/100001",
      SLACcitation   = "%%CITATION = CHPHD,C40,100001;%%"
}


@article{gajos-acta,
      author         = "Gajos, Aleksander",
      title          = "{Study of the $K_{\rm S}K_{\rm L}\to \pi \ell \nu 3\pi
                        ^0$ Process for Time Reversal Symmetry Test at KLOE-2}",
      collaboration  = "KLOE-2",
      journal        = "Acta Phys. Polon.",
      volume         = "B46",
      year           = "2015",
      number         = "1",
      pages          = "13-18",
      doi            = "10.5506/APhysPolB.46.13",
      eprint         = "1501.04801",
      archivePrefix  = "arXiv",
      primaryClass   = "hep-ex",
      SLACcitation   = "%%CITATION = ARXIV:1501.04801;%%"
}

% about GPS
@inproceedings{Langley2005TheMO,
  title={The Mathematics of GPS},
  author={Richard B. Langley},
  year={2005}
}

@inproceedings{Carter1999PrinciplesOG,
  title={Principles of GPS},
  author={Carl Carter and {OSBORNE ASSOCIATES}},
  year={1999}
}

@inbook{Kleusberg2003,
  author =	 "Kleusberg, Alfred",
  title =	 "Analytical GPS Navigation Solution",
  bookTitle =	 "Geodesy-The Challenge of the 3rd Millennium",
  pages =	 "93--96",
  crossref =     "geodesy_book"
}

@book{geodesy_book,
  title =        {Geodesy-The Challenge of the 3rd Millennium},
  editor =	 "Grafarend, Erik W.  and Krumm, Friedrich W.  and
                  Schwarze, Volker S.",  
  isbn =	 "978-3-662-05296-9",
  doi =		 "10.1007/978-3-662-05296-9_7",
  year =	 2003,
  publisher =	 "Springer Berlin Heidelberg"
}
%  url =		 "https://doi.org/10.1007/978-3-662-05296-9_7",

% My master thesis
@MastersThesis{gajos_mgr,
    author     =     {Aleksander Gajos},
    title     =     {{A novel algorithm for the $K\to\pi^0\pi^0\to\gamma\gamma\gamma\gamma$}},
    school     =     {Jagiellonian University},
    address     =     {Krakow, Poland},
    year     =     {2013}
    }

% Numerical methods for optimization
@book{optimization,
  editor =	 {Gill, P. and Murray, W.},
  title =	 {Numerical methods for constrained optimization},
  publisher =	 {Academic Press London},
  year =	 1974,
  isbn =	 { 0122835506 }
}

% Daria - memo
@misc{daria_memo,
  author =	 {D. Kisielewska and others},
  title =	 {Measurement of the charge asymmetry for the $K_S\to\pi e \nu$ with the KLOE detector},
  howpublished = {KLOE Memo},
  year =	 2017
}

@myarticleprep{daria_article,
author = 	 {D. Kisielewska and others},
collaboration = "KLOE-2",
title = "Measurement of the lepton charge asymmetry for short-lived kaon with the KLOE detector",
howpublished = "in preparation (2018)",
year = "2018"
}


% R/ct for clusters
@misc{kloe_memo_146,
  author =	 {S. Sinibaldi and T. Spadaro},
  title =	 {Classification algorithm of calorimeter clusters},
  howpublished = {KLOE Memo {\bf 146}},
  year =	 1998
}

% Kl semileptonic selection
@misc{kloe_memo_334,
  author =	 {M. Antonelli and M. Dreucci and C. Gatti},
  title =	 {Measurement of
                  BR($K^0_{e3\gamma}$)/BR($K^0_{e3(\gamma)}$) for
                  Inner Bremmstrahlung and Direct Emission
                  contribution in Semileptonic Decay
                  $K_L\to\pi^{\pm}e^{\mp}\nu(\gamma)$},
  howpublished = {KLOE Memo {\bf 334}},
  year =	 2007
}

@misc{kloe_memo_322,
  author =	 {M. Antonelli and M. Dreucci and C. Gatti},
  title =	 {Measurement of Ke3 semileptonic form factor slopes in the decay $K_L\to\pi^{\pm}e^{\mp}\nu$ at KLOE},
  howpublished = {KLOE Memo {\bf 322}},
  year =	 2005
}

@misc{kloe_memo_280,
  author =	 {F. Scuri},
  title =	 {Study of the possibility to detect radiative decays of the $K^0_L$ at KLOE},
  howpublished = {KLOE Memo {\bf 280}},
  year =	 2002
}

% old ksemil analysis
@article{Ambrosino:2006si,
      author         = "Ambrosino, F. and others",
      title          = "{Study of the branching ratio and charge asymmetry for
                        the decay $K(s) \to \pi e \nu$ with the KLOE detector}",
      collaboration  = "KLOE",
      journal        = "Phys. Lett.",
      volume         = "B636",
      year           = "2006",
      pages          = "173-182",
      doi            = "10.1016/j.physletb.2006.03.047",
      eprint         = "hep-ex/0601026",
      archivePrefix  = "arXiv",
      primaryClass   = "hep-ex",
      SLACcitation   = "%%CITATION = HEP-EX/0601026;%%"
}

% Enrico using ANN-based classifiers
@myarticle{graziani_anns,
      author         = "Anastasi, A. and others",
      title          = "{Search for dark Higgsstrahlung in $e^{+}e^{-} \to
                        \mu^{+}\mu^-$ and missing energy events with the KLOE
                        experiment}",
      collaboration  = "KLOE-2",
      journal        = "Phys. Lett.",
      volume         = "B747",
      year           = "2015",
      pages          = "365-372",
      doi            = "10.1016/j.physletb.2015.06.015",
      eprint         = "1501.06795",
      archivePrefix  = "arXiv",
      primaryClass   = "hep-ex",
      SLACcitation   = "%%CITATION = ARXIV:1501.06795;%%"
}

% TMVA
@Article{Hocker:2007ht,
  author =	 "Hoecker, Andreas and Speckmayer, Peter and Stelzer,
                  Joerg and Therhaag, Jan and von Toerne, Eckhard and
                  Voss, Helge",
  title =	 "{TMVA: Toolkit for Multivariate Data Analysis}",
  journal =	 "PoS",
  volume =	 "ACAT",
  year =	 "2007",
  pages =	 "040",
  eprint =	 "physics/0703039",
  archivePrefix ="arXiv",
  SLACcitation = "%%CITATION = PHYSICS/0703039;%%"
}

% Different interactions of pi+ and pi- in the EMC
@article{Marin:1998zf,
      author         = "Marin, A. and others",
      title          = "{Detection of charged pions and protons in the segmented
                        electromagnetic calorimeter TAPS}",
      journal        = "Nucl. Instrum. Meth.",
      volume         = "A417",
      year           = "1998",
      pages          = "137-149",
      doi            = "10.1016/S0168-9002(98)00683-4",
      SLACcitation   = "%%CITATION = NUIMA,A417,137;%%"
}

% Klcrash
% S. Di Falco big thesis
@PhdThesis{silarski_phd,
  author =	 {Micha\l{} Silarski},
  title =	 {{Search for the CP symmetry violation in the decays
                  of Ks mesons using the KLOE detector}},
  school =	 {Jagiellonian University},
  address =	 {Krak\'ow, Poland},
  year =	 {2012},
  eprint =	 "1302.4427",
  archivePrefix ="arXiv",
  primaryClass = "hep-ex"
}

% Binomial efficiency errors and likelihood fits
@book{behnke,
  title =        {Data Analysis in High Energy Physics},
  author =       {Behnke, Olaf and Kr\"oninger, Kevin and Schott, Gr\'egory and Sch\"orner-Sadenius, Thomas},
  publisher =    {WILEY-VCH Verlag GmbH \& Co. KGaA},
  year =         {2013},
  isbn =         {978-3-527-41058-3}
  
}

% Binomial efficiency errors
@book{statisctical_methods,
  title =	 {Statistical methods in experimental physics},
  author =	 {James, Frederick},
  publisher =    {World Scientific Publishing},
  year =         2006,
  isbn =	 {978-981-256-795-6},
  edition =	 {2nd}
}

% my KLOE proceedings
@article{KLOE-2:2017lyj,
      author         = "Gajos, Aleksander",
      title          = "{Discrete symmetries and QM studies with entangled
                        neutral kaons at KLOE-2}",
      collaboration  = "KLOE-2",
      journal        = "J. Phys. Conf. Ser.",
      volume         = "873",
      year           = "2017",
      number         = "1",
      pages          = "012025",
      doi            = "10.1088/1742-6596/873/1/012025",
      SLACcitation   = "%%CITATION = 00462,873,012025;%%"
}

% only t_kl resolution shown
@article{Gajos:2015ija,
      author         = "Gajos, Aleksander",
      title          = "{A direct test of T symmetry in the neutral K meson
                        system at KLOE-2}",
      booktitle      = "{Proceedings, 4th Symposium on Prospects in the Physics
                        of Discrete Symmetries (DISCRETE 2014): London, UK,
                        December 2-6, 2014}",
      collaboration  = "KLOE-2",
      journal        = "J. Phys. Conf. Ser.",
      volume         = "631",
      year           = "2015",
      number         = "1",
      pages          = "012018",
      doi            = "10.1088/1742-6596/631/1/012018",
      SLACcitation   = "%%CITATION = 00462,631,012018;%%"
}


@article{Gajos:2017tlb,
      author         = "Gajos, Aleksander",
      title          = "{Tests of discrete symmetries and quantum coherence with
                        neutral kaons at the KLOE-2 experiment}",
      booktitle      = "{Proceedings, 2nd Jagiellonian Symposium of Fundamental
                        and Applied Subatomic Physics (J-SYMPOSIUM 2017): Krakow,
                        Poland, June 4-9, 2017}",
      collaboration  = "KLOE-2",
      journal        = "Acta Phys. Polon.",
      volume         = "B48",
      year           = "2017",
      pages          = "1975",
      doi            = "10.5506/APhysPolB.48.1975",
      eprint         = "1710.08197",
      archivePrefix  = "arXiv",
      primaryClass   = "hep-ex",
      SLACcitation   = "%%CITATION = ARXIV:1710.08197;%%"
}

