@article{theory:bernabeu-cpt,
  author =	 "Bernabeu, J. and Di Domenico, A. and
                  Villanueva-Perez, P.",
  title =	 "{Probing CPT in transitions with entangled neutral
                  kaons}",
  journal =	 "JHEP",
  volume =	 "10",
  year =	 "2015",
  pages =	 "139",
  doi =		 "10.1007/JHEP10(2015)139",
  eprint =	 "1509.02000",
  archivePrefix ="arXiv",
  primaryClass = "hep-ph",
  SLACcitation = "%%CITATION = ARXIV:1509.02000;%%"
}


@article{theory:bernabeu-t,
  author =	 "Bernabeu, J. and Di Domenico, A. and
                  Villanueva-Perez, P.",
  title =	 "{Direct test of time-reversal symmetry in the
                  entangled neutral kaon system at a $\phi$-factory}",
  journal =	 "Nucl. Phys.",
  volume =	 "B868",
  year =	 "2013",
  pages =	 "102-119",
  doi =		 "10.1016/j.nuclphysb.2012.11.009",
  eprint =	 "1208.0773",
  archivePrefix ="arXiv",
  primaryClass = "hep-ph",
  SLACcitation = "%%CITATION = ARXIV:1208.0773;%%"
}

@article{theory-babar,
  author =	 "Lees, J. P. and others",
  title =	 "{Observation of Time Reversal Violation in the $B^0$
                  Meson System}",
  collaboration ="BaBar",
  journal =	 "Phys. Rev. Lett.",
  volume =	 "109",
  year =	 "2012",
  pages =	 "211801",
  doi =		 "10.1103/PhysRevLett.109.211801",
  eprint =	 "1207.5832",
  archivePrefix ="arXiv",
  primaryClass = "hep-ex",
  reportNumber = "BABAR-PUB-12-011, SLAC-PUB-15192",
  SLACcitation = "%%CITATION = ARXIV:1207.5832;%%"
}

@book{wigner1931,
  author =	 "Wigner, E.",
  title =	 "{Group Theory and its Application to the Quantum
                  Mechanics of Atomic Spectra}",
  publisher =	 "New York: Academic Press",
  year =	 "1959"
}


@article{bernabeu_colloquium,
      author         = "Bernabeu, J. and Martinez-Vidal, F.",
      title          = "{Colloquium: Time-reversal violation with
                        quantum-entangled B mesons}",
      journal        = "Rev. Mod. Phys.",
      volume         = "87",
      year           = "2015",
      pages          = "165",
      doi            = "10.1103/RevModPhys.87.165",
      eprint         = "1410.1742",
      archivePrefix  = "arXiv",
      primaryClass   = "hep-ph",
      SLACcitation   = "%%CITATION = ARXIV:1410.1742;%%"
}


@book{sozzi,
  author =	 "Sozzi, Marco S",
  title =	 "{Discrete symmetries and CP violation: from
                  experiment to theory}",
  publisher =	 "Oxford Univ. Press",
  address =	 "New York, NY",
  series =	 "Oxford Graduate Texts",
  year =	 "2008"
}

@book{sachs,
  title={The Physics of Time Reversal},
  author={Sachs, R.G.},
  isbn={9780226733319},
  lccn={87005826},
  year={1987},
  publisher={University of Chicago Press}
}

@article{parity_violation,
  title = {Experimental Test of Parity Conservation in Beta Decay},
  author = {Wu, C. S. and Ambler, E. and Hayward, R. W. and Hoppes, D. D. and Hudson, R. P.},
  journal = {Phys. Rev.},
  volume = {105},
  issue = {4},
  pages = {1413--1415},
  numpages = {0},
  year = {1957},
  month = {Feb},
  publisher = {American Physical Society},
  doi = {10.1103/PhysRev.105.1413}
}
%  url = {https://link.aps.org/doi/10.1103/PhysRev.105.1413}

@article{cp_violation,
  title = {Evidence for the $2\ensuremath{\pi}$ Decay of the $K_{2}^{0}$ Meson},
  author = {Christenson, J. H. and Cronin, J. W. and Fitch, V. L. and Turlay, R.},
  journal = {Phys. Rev. Lett.},
  volume = {13},
  issue = {4},
  pages = {138--140},
  numpages = {0},
  year = {1964},
  month = {Jul},
  publisher = {American Physical Society},
  doi = {10.1103/PhysRevLett.13.138}
}
%  url = {https://link.aps.org/doi/10.1103/PhysRevLett.13.138}

@article{c_violation,
  author =	 "Macq, P. C. and Crowe, K. M. and Haddock, R. P.",
  title =	 "{Helicity of the Electron and Positron in Muon
                  Decay}",
  journal =	 "Phys. Rev.",
  volume =	 "112",
  year =	 "1958",
  pages =	 "2061-2071",
  doi =		 "10.1103/PhysRev.112.2061",
  SLACcitation = "%%CITATION = PHRVA,112,2061;%%"
}

@article{t_violation_babar,
  author =	 "Lees, J. P. and others",
  title =	 "{Observation of Time Reversal Violation in the $B^0$
                  Meson System}",
  collaboration ="BaBar",
  journal =	 "Phys. Rev. Lett.",
  volume =	 "109",
  year =	 "2012",
  pages =	 "211801",
  doi =		 "10.1103/PhysRevLett.109.211801",
  eprint =	 "1207.5832",
  archivePrefix ="arXiv",
  primaryClass = "hep-ex",
  reportNumber = "BABAR-PUB-12-011, SLAC-PUB-15192",
  SLACcitation = "%%CITATION = ARXIV:1207.5832;%%"
}

@article{wolfenstein_summary,
  author =	 "Wolfenstein, L.",
  title =	 "{The search for direct evidence for time reversal
                  violation}",
  journal =	 "Int. J. Mod. Phys.",
  volume =	 "E8",
  year =	 "1999",
  pages =	 "501-511",
  doi =		 "10.1142/S0218301399000343",
  SLACcitation = "%%CITATION = IMPAE,E8,501;%%"
}

@article{wolfenstein_other_paper,
  author =	 "Wolfenstein, L.",
  title =	 "{Violation of time reversal invariance in K0
                  decays}",
  journal =	 "Phys. Rev. Lett.",
  volume =	 "83",
  year =	 "1999",
  pages =	 "911-912",
  doi =		 "10.1103/PhysRevLett.83.911",
  SLACcitation = "%%CITATION = PRLTA,83,911;%%"
}

@article{nedm,
      author         = "Pendlebury, J. M. and others",
      title          = "{Revised experimental upper limit on the electric dipole
                        moment of the neutron}",
      journal        = "Phys. Rev.",
      volume         = "D92",
      year           = "2015",
      number         = "9",
      pages          = "092003",
      doi            = "10.1103/PhysRevD.92.092003",
      eprint         = "1509.04411",
      archivePrefix  = "arXiv",
      primaryClass   = "hep-ex",
      SLACcitation   = "%%CITATION = ARXIV:1509.04411;%%"
}

@article{eedm,
      author         = "Baron, Jacob and others",
      title          = "{Order of Magnitude Smaller Limit on the Electric Dipole
                        Moment of the Electron}",
      collaboration  = "ACME",
      journal        = "Science",
      volume         = "343",
      year           = "2014",
      pages          = "269-272",
      doi            = "10.1126/science.1248213",
      eprint         = "1310.7534",
      archivePrefix  = "arXiv",
      primaryClass   = "physics.atom-ph",
      SLACcitation   = "%%CITATION = ARXIV:1310.7534;%%"
}



@article{kabir1970,
  author =	 "Kabir, P. K.",
  title =	 "{What is not invariant under time reversal?}",
  journal =	 "Phys. Rev.",
  volume =	 "D2",
  year =	 "1970",
  pages =	 "540-542",
  doi =		 "10.1103/PhysRevD.2.540",
  SLACcitation = "%%CITATION = PHRVA,D2,540;%%"
}

@article{cplear,
  author =	 "Angelopoulos, A. and others",
  title =	 "{First direct observation of time reversal
                  noninvariance in the neutral kaon system}",
  collaboration ="CPLEAR",
  journal =	 "Phys. Lett.",
  volume =	 "B444",
  year =	 "1998",
  pages =	 "43-51",
  doi =		 "10.1016/S0370-2693(98)01356-2",
  reportNumber = "CERN-EP-98-153",
  SLACcitation = "%%CITATION = PHLTA,B444,43;%%"
}

@article{operatory_kek,
  author =	 "Abe, M. and others",
  title =	 "{Search for T-violating transverse muon polarization
                  in the $K^+\to\pi^0\mu^+\nu$ decay}",
  journal =	 "Phys. Rev.",
  volume =	 "D73",
  year =	 "2006",
  pages =	 "072005",
  doi =		 "10.1103/PhysRevD.73.072005",
  SLACcitation = "%%CITATION = PHRVA,D73,072005;%%"
}

@article{bodek_li,
  title = {Search for Time-Reversal Violation in the $\ensuremath{\beta}$ Decay of Polarized $^{8}\mathrm{L}\mathrm{i}$ Nuclei},
  author = {Huber, R. and Lang, J. and Navert, S. and Sromicki, J. and Bodek, K. and Kistryn, St. and Zejma, J. and Naviliat-Cuncic, O. and Stephan, E. and Haeberli, W.},
  journal = {Phys. Rev. Lett.},
  volume = {90},
  issue = {20},
  pages = {202301},
  numpages = {4},
  year = {2003},
  month = {May},
  publisher = {American Physical Society},
  doi = {10.1103/PhysRevLett.90.202301}
}
%  url = {https://link.aps.org/doi/10.1103/PhysRevLett.90.202301}

@article{bodek_free_n,
  title = {Measurement of the transverse polarization of electrons emitted in free neutron decay},
  author = {Kozela, A. and Ban, G. and Bia\l{}ek, A. and Bodek, K. and Gorel, P. and Kirch, K. and Kistryn, St. and Naviliat-Cuncic, O. and Severijns, N. and Stephan, E. and Zejma, J.},
  collaboration = {nTRV Collaboration},
  journal = {Phys. Rev. C},
  volume = {85},
  issue = {4},
  pages = {045501},
  numpages = {20},
  year = {2012},
  month = {Apr},
  publisher = {American Physical Society},
  doi = {10.1103/PhysRevC.85.045501}
}
%   url = {https://link.aps.org/doi/10.1103/PhysRevC.85.045501}

@article{cpt_positronium,
  title = {Search for $CPT$-Odd Decays of Positronium},
  author = {Vetter, P. A. and Freedman, S. J.},
  journal = {Phys. Rev. Lett.},
  volume = {91},
  issue = {26},
  pages = {263401},
  numpages = {4},
  year = {2003},
  month = {Dec},
  publisher = {American Physical Society},
  doi = {10.1103/PhysRevLett.91.263401}
}
%  url = {https://link.aps.org/doi/10.1103/PhysRevLett.91.263401}

@article{cp_positronium,
  title = {Search for $CP$ Violation in Positronium Decay},
  author = {Yamazaki, T. and Namba, T. and Asai, S. and Kobayashi, T.},
  journal = {Phys. Rev. Lett.},
  volume = {104},
  issue = {8},
  pages = {083401},
  numpages = {4},
  year = {2010},
  month = {Feb},
  publisher = {American Physical Society},
  doi = {10.1103/PhysRevLett.104.083401}
}
%  url = {https://link.aps.org/doi/10.1103/PhysRevLett.104.083401}

%% CPLEAR Supporters
@article{Ellis:1999xh,
      author         = "Ellis, John R. and Mavromatos, N.E.",
      title          = "{Comments on CP, T and CPT violation in neutral kaon
                        decays}",
      journal        = "Phys.Rept.",
      volume         = "320",
      pages          = "341-354",
      doi            = "10.1016/S0370-1573(99)00058-7",
      year           = "1999",
      eprint         = "hep-ph/9903386",
      archivePrefix  = "arXiv",
      primaryClass   = "hep-ph",
      reportNumber   = "CERN-TH-99-60, OUTP-99-17-P",
      SLACcitation   = "%%CITATION = HEP-PH/9903386;%%",
}

@article{Gerber:2004hc,
      author         = "Gerber, H.J.",
      title          = "{Evidence for time-reversal violation?}",
      journal        = "Eur.Phys.J.",
      volume         = "C35",
      pages          = "195-196",
      doi            = "10.1140/epjc/s2004-01813-6",
      year           = "2004",
      SLACcitation   = "%%CITATION = EPHJA,C35,195;%%",
}

@article{babar_zero_result,
  author =	 "Lees, J. P. and others",
  title =	 "{Search for $CP$ Violation in $B^0$-$\bar{B}^0$
                  Mixing using Partial Reconstruction of $B^0 \to
                  D^{*-}X\ell^+ \nu_\ell$ and a Kaon Tag}",
  collaboration ="BaBar",
  journal =	 "Phys. Rev. Lett.",
  volume =	 "111",
  year =	 "2013",
  number =	 "10",
  pages =	 "101802",
  doi =		 "10.1103/PhysRevLett.111.159901,
                  10.1103/PhysRevLett.111.101802",
  note =	 "[Addendum: Phys. Rev. Lett.111,no.15,159901(2013)]",
  eprint =	 "1305.1575",
  archivePrefix ="arXiv",
  primaryClass = "hep-ex",
  SLACcitation = "%%CITATION = ARXIV:1305.1575;%%"
}

@article{banuls_first_bmesons,
  author =	 "Banuls, M. C. and Bernabeu, J.",
  title =	 "{CP, T and CPT versus temporal asymmetries for
                  entangled states of the B(d) system}",
  journal =	 "Phys. Lett.",
  volume =	 "B464",
  year =	 "1999",
  pages =	 "117-122",
  doi =		 "10.1016/S0370-2693(99)01043-6",
  eprint =	 "hep-ph/9908353",
  archivePrefix ="arXiv",
  primaryClass = "hep-ph",
  reportNumber = "CERN-TH-99-244",
  SLACcitation = "%%CITATION = HEP-PH/9908353;%%"
}

@article{babar_theory,
  author =	 "Bernabeu, J. and Martinez-Vidal, F. and
                  Villanueva-Perez, P.",
  title =	 "{Time Reversal Violation from the entangled
                  $\mathrm{B}^0-\overline{\mathrm{B}}^0$ system}",
  journal =	 "JHEP",
  volume =	 "08",
  year =	 "2012",
  pages =	 "064",
  doi =		 "10.1007/JHEP08(2012)064",
  eprint =	 "1203.0171",
  archivePrefix ="arXiv",
  primaryClass = "hep-ph",
  reportNumber = "FTUV-12-0301, IFIC-12-14",
  SLACcitation = "%%CITATION = ARXIV:1203.0171;%%"
}

% various kaon experiments
@article{Kleinknecht:1994ns,
  author =	 "Kleinknecht, Konrad",
  title =	 "{Results on rare decays of neutral kaons from the
                  NA31 experiment at CERN}",
  journal =	 "Frascati Physics Series",
  volume =	 3,
  pages =	 "377-398",
  year =	 1994,
  SLACcitation = "%%CITATION = 00309,3,377;%%",
}

@article{Winhart:2012bv,
  author =	 "Winhart, Andreas",
  title =	 "{Kaon physics at CERN: Recent results from the
                  NA48/2 and NA62 experiments}",
  collaboration ="NA48/2 and NA62",
  journal =	 "EPJ Web Conf.",
  volume =	 37,
  pages =	 01010,
  doi =		 "10.1051/epjconf/20123701010",
  year =	 2012,
  SLACcitation = "%%CITATION = 00776,37,01010;%%",
}

@article{Wanke:2003vp,
  author =	 "Wanke, Rainer",
  title =	 "{New results in kaon physics from NA48 and KTeV}",
  journal =	 "eConf",
  volume =	 "C030626",
  pages =	 "FRAT07",
  year =	 2003,
  eprint =	 "hep-ex/0309078",
  archivePrefix ="arXiv",
  primaryClass = "hep-ex",
  reportNumber = "PIC-2003-FRAT07",
  SLACcitation = "%%CITATION = HEP-EX/0309078;%%",
}

@proceedings{interf_handbook,
  author =	 "Di Domenico, Antonio",
  title =	 "{Handbook on neutral kaon interferometry at a
                  $\Phi$-factory}",
  organization = "INFN",
  publisher =	 "INFN",
  address =	 "Frascati, Italy",
  year =	 {2007},
  url =          "http://www-spires.fnal.gov/spires/find/books/www?cl=QC793.5.M427H25::2007",
  journal =	 "Frascati Phys. Ser.",
  volume =	 43,
  series =	 "Frascati physics series",
  SLACcitation = "%%CITATION = 00309,43,;%%"
}

@book{book_cp_violation,
  publisher =	 "Oxford Univ. Press",
  address =	 "New York, NY",
  series =	 "Monographs on Physics",
  year =	 "1999",
  title =	 {Cp Violation},
  author =	 {Gustavo Castelo Branco, Luís Lavoura, Joao Paulo Silva}
}

@article{fidecaro_pedagogical,
  author =	 "Fidecaro, Maria and Gerber, Hans-Juerg",
  title =	 "{The Fundamental symmetries in the neutral kaon
                  system: A Pedagogical choice}",
  journal =	 "Rept. Prog. Phys.",
  volume =	 "69",
  year =	 "2006",
  pages =	 "1713-1770",
  doi =		 "10.1088/0034-4885/69/10/C01",
  note =	 "[Erratum: Rept. Prog. Phys.69,2841(2006)]",
  eprint =	 "hep-ph/0603075",
  archivePrefix ="arXiv",
  primaryClass = "hep-ph",
  SLACcitation = "%%CITATION = HEP-PH/0603075;%%"
}

% EPR
@article{Einstein:1935rr,
  author =	 "Einstein, Albert and Podolsky, Boris and Rosen,
                  Nathan",
  title =	 "{Can quantum mechanical description of physical
                  reality be considered complete?}",
  journal =	 "Phys. Rev.",
  volume =	 "47",
  year =	 "1935",
  pages =	 "777-780",
  doi =		 "10.1103/PhysRev.47.777",
  SLACcitation = "%%CITATION = PHRVA,47,777;%%"
}

% Inputs to the D factor
@article{kloe_kl3pi0_br,
      author         = "Ambrosino, F. and others",
      title          = "{Measurements of the absolute branching ratios for the
                        dominant K(L) decays, the K(L) lifetime, and V(us) with
                        the KLOE detector}",
      collaboration  = "KLOE",
      journal        = "Phys. Lett.",
      volume         = "B632",
      year           = "2006",
      pages          = "43-50",
      doi            = "10.1016/j.physletb.2005.10.018",
      eprint         = "hep-ex/0508027",
      archivePrefix  = "arXiv",
      primaryClass   = "hep-ex",
      SLACcitation   = "%%CITATION = HEP-EX/0508027;%%"
}

@article{kloe_kl_lifetime,
      author         = "Ambrosino, F. and others",
      title          = "{Measurement of the K(L) meson lifetime with the KLOE
                        detector}",
      collaboration  = "KLOE",
      journal        = "Phys. Lett.",
      volume         = "B626",
      year           = "2005",
      pages          = "15-23",
      doi            = "10.1016/j.physletb.2005.08.022",
      eprint         = "hep-ex/0507088",
      archivePrefix  = "arXiv",
      primaryClass   = "hep-ex",
      SLACcitation   = "%%CITATION = HEP-EX/0507088;%%"
}

@article{kloe_kspipi_br,
      author         = "Ambrosino, F. and others",
      title          = "{Precise measurement of $\Gamma(K(s) \to \pi^+ \pi^-
                        (\gamma)) / \Gamma(K(s) \to \pi^0 \pi^0$) with the KLOE
                        detector at DAFNE}",
      collaboration  = "KLOE",
      journal        = "Eur. Phys. J.",
      volume         = "C48",
      year           = "2006",
      pages          = "767-780",
      doi            = "10.1140/epjc/s10052-006-0021-9",
      eprint         = "hep-ex/0601025",
      archivePrefix  = "arXiv",
      primaryClass   = "hep-ex",
      SLACcitation   = "%%CITATION = HEP-EX/0601025;%%"
}

@article{kloe_ks_lifetime,
      author         = "Ambrosino, F. and others",
      title          = "{Precision Measurement of $K_S$ Meson Lifetime with the
                        KLOE detector}",
      collaboration  = "KLOE",
      journal        = "Eur. Phys. J.",
      volume         = "C71",
      year           = "2011",
      pages          = "1604",
      doi            = "10.1140/epjc/s10052-011-1604-7",
      eprint         = "1011.2668",
      archivePrefix  = "arXiv",
      primaryClass   = "hep-ex",
      SLACcitation   = "%%CITATION = ARXIV:1011.2668;%%"
}

%
% Positronium - theory
%

@article{Bernreuther:1988tt,
      author         = "Bernreuther, W. and Low, U. and Ma, J. P. and Nachtmann,
                        O.",
      title          = "{How to Test {CP}, $T$ and {CPT} Invariance in the Three
                        Photon Decay of Polarized $s$ Wave Triplet Positronium}",
      journal        = "Z. Phys.",
      volume         = "C41",
      year           = "1988",
      pages          = "143",
      doi            = "10.1007/BF01412589",
      reportNumber   = "HD-THEP-87-25",
      SLACcitation   = "%%CITATION = ZEPYA,C41,143;%%"
}

% for positronium lifetimes
@article{Harpen:2003zz,
      author         = "Harpen, Michael D.",
      title          = "{Positronium: Review of symmetry, conserved quantities
                        and decay for the radiological physicist}",
      journal        = "Med. Phys.",
      volume         = "31",
      year           = "2004",
      pages          = "57-61",
      doi            = "10.1118/1.1630494",
      SLACcitation   = "%%CITATION = MPHYA,31,57;%%"
}

% 10e-9 limit due to photon-photon interaction
@article{Arbic:1988pv,
      author         = "Arbic, B. K. and Hatamian, S. and Skalsey, M. and Van
                        House, J. and Zheng, W.",
      title          = "{Angular Correlation Test of {CPT} in Polarized
                        Positronium}",
      journal        = "Phys. Rev.",
      volume         = "A37",
      year           = "1988",
      pages          = "3189-3194",
      doi            = "10.1103/PhysRevA.37.3189",
      SLACcitation   = "%%CITATION = PHRVA,A37,3189;%%"
}

% other old positronium symmetry search
@article{Skalsey:1991vt,
      author         = "Skalsey, M. and Van House, J.",
      title          = "{First test of CP invariance in the decay of
                        positronium}",
      journal        = "Phys. Rev. Lett.",
      volume         = "67",
      year           = "1991",
      pages          = "1993-1996",
      doi            = "10.1103/PhysRevLett.67.1993",
      SLACcitation   = "%%CITATION = PRLTA,67,1993;%%"
}

% p-Ps lifetime
@article{PhysRevLett.72.1632,
  title = {New precision measurement of the decay rate of singlet positronium},
  author = {Al-Ramadhan, A. H. and Gidley, D. W.},
  journal = {Phys. Rev. Lett.},
  volume = {72},
  issue = {11},
  pages = {1632--1635},
  numpages = {0},
  year = {1994},
  month = {Mar},
  publisher = {American Physical Society},
  doi = {10.1103/PhysRevLett.72.1632}
}
%  url = {https://link.aps.org/doi/10.1103/PhysRevLett.72.1632}

% o-Ps lifetime
@article{PhysRevLett.90.203402,
  title = {Resolution of the Orthopositronium-Lifetime Puzzle},
  author = {Vallery, R. S. and Zitzewitz, P. W. and Gidley, D. W.},
  journal = {Phys. Rev. Lett.},
  volume = {90},
  issue = {20},
  pages = {203402},
  numpages = {4},
  year = {2003},
  month = {May},
  publisher = {American Physical Society},
  doi = {10.1103/PhysRevLett.90.203402}
}
%  url = {https://link.aps.org/doi/10.1103/PhysRevLett.90.203402}

@article{JINNOUCHI2003117,
  title =	 "Precision measurement of orthopositronium decay rate
                  using SiO2 powder",
  journal =	 "Phys. Lett.",
  volume =	 "B572",
  number =	 "3",
  pages =	 "117-126",
  year =	 "2003",
  issn =	 "0370-2693",
  doi =		 "https://doi.org/10.1016/j.physletb.2003.08.018",
  author =	 "O Jinnouchi and S Asai and T Kobayashi",
  keywords =	 "Positronium, Bound states, QED"
}
% url =          {http://www.sciencedirect.com/science/article/pii/S0370269303012607},

@book{Griffiths,
  author =	 "Griffiths, D.",
  title =	 "{Introduction to elementary particles}",
  publisher =	 "Wiley-VCH",
  edition = {2nd},
  year =	 {2010},
  isbn = {978-3-527-40601-2}
}

% loss due to thermalization
@article{PhysRevLett.43.1281,
  title = {Spin Polarization of Low-Energy Positron Beams},
  author = {Zitzewitz, P. W. and Van House, J. C. and Rich, A. and Gidley, D. W.},
  journal = {Phys. Rev. Lett.},
  volume = {43},
  issue = {18},
  pages = {1281--1284},
  numpages = {0},
  year = {1979},
  month = {Oct},
  publisher = {American Physical Society},
  doi = {10.1103/PhysRevLett.43.1281}
}
%  url = {https://link.aps.org/doi/10.1103/PhysRevLett.43.1281}
  
% polarization loss due to positron direction uncertainty
@book{Coleman,
  author =	 "Coleman, P.",
  title =	 "{Positron beams and their applications}",
  publisher =	 "World Scientific",
  year =	 "2000"
}